% Encoding: UTF-8

@inproceedings{afrati:2010a,
	Author = {Afrati, Foto N. and Ullman, Jeffrey D.},
	Booktitle = {Proceedings of the 13th International Conference on Extending Database Technology},
	Organization = {ACM},
	Pages = {99--110},
	Title = {Optimizing joins in a map-reduce environment},
	Year = {2010}}


@techreport{agrawal:2011a,
	Author = {Agrawal, Divyakant and Bernstein, Philip and Bertino, Elisa and Davidson, Susan and Dayal, Umeshwas and Franklin, Michael and Gehrke, Johannes and Haas, Laura and Halevy, Alon and Han, Jiawei and others},
	Title = {Challenges and Opportunities with Big Data 2011-1},
	Year = {2011}}

@inproceedings{alexandrov:2011a,
	Author = {Alexandrov, Alexander and Ewen, Stephan and Heimel, Max and Hueske, Fabian and Kao, Odej and Markl, Volker and Nijkamp, Erik and Warneke, Daniel},
	Booktitle = {BTW},
	Pages = {25--44},
	Title = {MapReduce and PACT-Comparing Data Parallel Programming Models.},
	Year = {2011}}

@inproceedings{Alexandrov2015,
  title={Implicit parallelism through deep language embedding},
  author={Alexandrov, Alexander and Kunft, Andreas and Katsifodimos, Asterios and Sch{\"u}ler, Felix and Thamsen, Lauritz and Kao, Odej and Herb, Tobias and Markl, Volker},
  booktitle={Proceedings of the 2015 ACM SIGMOD International Conference on Management of Data},
  pages={47--61},
  year={2015},
  organization={ACM}
}

@inproceedings{alvaro:2010a,
	Author = {Alvaro, Peter and Condie, Tyson and Conway, Neil and Elmeleegy, Khaled and Hellerstein, Joseph M and Sears, Russell},
	Booktitle = {Proceedings of the 5th European conference on Computer systems},
	Organization = {ACM},
	Pages = {223--236},
	Title = {Boom analytics: exploring data-centric, declarative programming for the cloud},
	Year = {2010}}


@article{balmin:jrd2013a,
	Author = {Balmin, Andrey and Beyer, Kevin and Ercegovac, Vuk and McPherson, John and Ozcan, F. and Pirahesh, Hamid and Shekita, Eugene and Sismanis, Yannis and Tata, Sandeep and Tian, Yuanyuan},
	Journal = {IBM Journal of Research and Development},
	Number = {3/4},
	Pages = {4--1},
	Title = {A platform for eXtreme Analytics},
	Volume = {57},
	Year = {2013}}



@inproceedings{battre:2010a,
	Author = {Battr{\'e}, Dominic and Ewen, Stephan and Hueske, Fabian and Kao, Odej and Markl, Volker and Warneke, Daniel},
	Booktitle = {Proceedings of the 1st ACM symposium on Cloud computing},
	Organization = {ACM},
	Pages = {119--130},
	Title = {Nephele/{PACT}s: a programming model and execution framework for web-scale analytical processing},
	Year = {2010}}

@inproceedings{beyer:2011a,
	Author = {Beyer, Kevin S. and Ercegovac, Vuk and Gemulla, Rainer and Balmin, Andrey and Eltabakh, Mohamed and Kanne, Carl-Christian and Ozcan, Fatma and Shekita, Eugene J},
	Booktitle = {Proceedings of VLDB Conference},
	Title = {Jaql: A scripting language for large scale semistructured data analysis},
	Year = {2011}}

@inproceedings{blanas:2010a,
	Author = {Blanas, Spyros and Patel, Jignesh M and Ercegovac, Vuk and Rao, Jun and Shekita, Eugene J and Tian, Yuanyuan},
	Booktitle = {Proceedings of the 2010 ACM SIGMOD International Conference on Management of data},
	Organization = {ACM},
	Pages = {975--986},
	Title = {A comparison of join algorithms for log processing in mapreduce},
	Year = {2010}}


@article{bliss:ijhpca2007a,
	Author = {Bliss, Nadya Travinin and Kepner, Jeremy},
	Journal = {International Journal of High Performance Computing Applications},
	Number = {3},
	Pages = {336--359},
	Title = {'pMATLAB Parallel MATLAB Library'},
	Volume = {21},
	Year = {2007}}

@article{Boehm2014,
  title={SystemML's Optimizer: Plan Generation for Large-Scale Machine Learning Programs.},
  author={Boehm, Matthias and Burdick, Douglas R and Evfimievski, Alexandre V and Reinwald, Berthold and Reiss, Frederick R and Sen, Prithviraj and Tatikonda, Shirish and Tian, Yuanyuan},
  journal={IEEE Data Eng. Bull.},
  volume={37},
  number={3},
  pages={52--62},
  year={2014}
}

@article{Boehm2014Hybrid,
  title={Hybrid parallelization strategies for large-scale machine learning in SystemML},
  author={Boehm, Matthias and Tatikonda, Shirish and Reinwald, Berthold and Sen, Prithviraj and Tian, Yuanyuan and Burdick, Douglas R and Vaithyanathan, Shivakumar},
  journal={Proceedings of the VLDB Endowment},
  volume={7},
  number={7},
  pages={553--564},
  year={2014},
  publisher={VLDB Endowment}
}



@inproceedings{borkar:2011a,
	Author = {Borkar, Vinayak and Carey, Michael and Grover, Raman and Onose, Nicola and Vernica, Rares},
	Booktitle = {Data Engineering (ICDE), 2011 IEEE 27th International Conference on},
	Organization = {IEEE},
	Pages = {1151--1162},
	Title = {Hyracks: A flexible and extensible foundation for data-intensive computing},
	Year = {2011}}

@article{bu:apa2012a,
	Author = {Bu, Yingyi and Borkar, Vinayak and Carey, Michael J and Rosen, Joshua and Polyzotis, Neoklis and Condie, Tyson and Weimer, Markus and Ramakrishnan, Raghu},
	Journal = {CoRR},
	Title = {Scaling datalog for machine learning on big data},
	Volume = {abs/1203.0160},
	Year = {2012}}

@article{bu:pve2010a,
	Author = {Bu, Yingyi and Howe, Bill and Balazinska, Magdalena and Ernst, Michael D},
	Journal = {Proceedings of the VLDB Endowment},
	Number = {1-2},
	Pages = {285--296},
	Title = {HaLoop: Efficient iterative data processing on large clusters},
	Volume = {3},
	Year = {2010}}

@article{cardone:hhl2006a,
	Author = {Cardone, Felice and Hindley, J Roger},
	Journal = {Handbook of the History of Logic},
	Pages = {723--817},
	Title = {History of lambda-calculus and combinatory logic},
	Volume = {5},
	Year = {2006}}

@article{cohen:pve2009a,
	Author = {Cohen, Jeffrey and Dolan, Brian and Dunlap, Mark and Hellerstein, Joseph M and Welton, Caleb},
	Journal = {Proceedings of the VLDB Endowment},
	Number = {2},
	Pages = {1481--1492},
	Title = {MAD skills: new analysis practices for big data},
	Volume = {2},
	Year = {2009}}


@article{dagum:csei1998a,
	Author = {Dagum, Leonardo and Menon, Ramesh},
	Journal = {Computational Science \& Engineering, IEEE},
	Number = {1},
	Pages = {46--55},
	Title = {OpenMP: an industry standard API for shared-memory programming},
	Volume = {5},
	Year = {1998}}

@inproceedings{damas:1982a,
	Author = {Damas, Luis and Milner, Robin},
	Booktitle = {Proceedings of the 9th ACM SIGPLAN-SIGACT symposium on Principles of programming languages},
	Organization = {ACM},
	Pages = {207--212},
	Title = {Principal type-schemes for functional programs},
	Year = {1982}}

@inproceedings{das:2010a,
	Author = {Das, Sudipto and Sismanis, Yannis and Beyer, Kevin S. and Gemulla, Rainer and Haas, Peter J and McPherson, John},
	Booktitle = {Proceedings of the 2010 ACM SIGMOD International Conference on Management of data},
	Organization = {ACM},
	Pages = {987--998},
	Title = {Ricardo: integrating R and Hadoop},
	Year = {2010}}



@article{dean:c2008a,
	Author = {Dean, Jeffrey and Ghemawat, Sanjay},
	Journal = {Communications of the ACM},
	Number = {1},
	Pages = {107--113},
	Title = {{M}ap{R}educe: simplified data processing on large clusters},
	Volume = {51},
	Year = {2008}}

@inproceedings{ekanayake:2010a,
	Author = {Ekanayake, Jaliya and Li, Hui and Zhang, Bingjing and Gunarathne, Thilina and Bae, Seung-Hee and Qiu, Judy and Fox, Geoffrey},
	Booktitle = {Proceedings of the 19th ACM International Symposium on High Performance Distributed Computing},
	Organization = {ACM},
	Pages = {810--818},
	Title = {Twister: a runtime for iterative mapreduce},
	Year = {2010}} 

@article{Elgohary2016,
  title={Compressed Linear Algebra for Large-Scale Machine Learning},
  author={Elgohary, Ahmed and Boehm, Matthias and Haas, Peter J and Reiss, Frederick R and Reinwald, Berthold},
  journal={Proceedings of the VLDB Endowment},
  volume={9},
  number={12},
  year={2016}
}


@article{ewen:pve2012a,
	Author = {Ewen, Stephan and Tzoumas, Kostas and Kaufmann, Moritz and Markl, Volker},
	Journal = {Proceedings of the VLDB Endowment},
	Number = {11},
	Pages = {1268--1279},
	Title = {Spinning fast iterative data flows},
	Volume = {5},
	Year = {2012}}

@inproceedings{furr:2009a,
	Author = {Furr, Michael and An, Jong-hoon David and Foster, Jeffrey S and Hicks, Michael},
	Booktitle = {Proceedings of the 2009 ACM symposium on Applied Computing},
	Organization = {ACM},
	Pages = {1859--1866},
	Title = {Static type inference for Ruby},
	Year = {2009}}

@article{gantz:iaf2012a,
	Author = {Gantz, John and Reinsel, David},
	Journal = {IDC iView: IDC Analyze the Future},
	Title = {The digital universe in 2020: Big data, bigger digital shadows, and biggest growth in the far east},
	Year = {2012}}

@book{geist:1994a,
	Author = {Geist, Al},
	Publisher = {MIT press},
	Title = {PVM: Parallel virtual machine: a users' guide and tutorial for networked parallel computing},
	Year = {1994}}

@inproceedings{ghemawat:2003a,
	Author = {Ghemawat, Sanjay and Gobioff, Howard and Leung, Shun-Tak},
	Booktitle = {ACM SIGOPS Operating Systems Review},
	Number = {5},
	Organization = {ACM},
	Pages = {29--43},
	Title = {The Google file system},
	Volume = {37},
	Year = {2003}}


@inproceedings{ghoting:2011a,
	Author = {Ghoting, Amol and Krishnamurthy, Rajasekar and Pednault, Edwin and Reinwald, Berthold and Sindhwani, Vikas and Tatikonda, Shirish and Tian, Yuanyuan and Vaithyanathan, Shivakumar},
	Booktitle = {Data Engineering (ICDE), 2011 IEEE 27th International Conference on},
	Organization = {IEEE},
	Pages = {231--242},
	Title = {System{M}{L}: Declarative machine learning on {M}ap{R}educe},
	Year = {2011}}

@article{gropp:pc1996a,
	Author = {Gropp, William and Lusk, Ewing and Doss, Nathan and Skjellum, Anthony},
	Journal = {Parallel computing},
	Number = {6},
	Pages = {789--828},
	Title = {A high-performance, portable implementation of the MPI message passing interface standard},
	Volume = {22},
	Year = {1996}}


@article{guha:s2012a,
	Author = {Guha, Saptarshi and Hafen, Ryan and Rounds, Jeremiah and Xia, Jin and Li, Jianfu and Xi, Bowei and Cleveland, William S.},
	Journal = {Stat},
	Number = {1},
	Pages = {53--67},
	Title = {Large complex data: divide and recombine (D\&R) with RHIPE},
	Volume = {1},
	Year = {2012}}

@book{heim:2007a,
	Author = {Michael Heim},
	Publisher = {Exploring America's Highway},
	Title = {Exploring Indiana Highways: Trip Trivia},
	Year = {2007},
	ISBN = {097443583X}}

@inproceedings{hendren:2011a,
	Author = {Hendren, Laurie},
	Booktitle = {Proceedings of the sixth annual workshop on Domain-specific aspect languages},
	Organization = {ACM},
	Pages = {13--18},
	Title = {Typing aspects for MATLAB},
	Year = {2011}}



@article{hilbert:s2011a,
	Author = {Hilbert, Martin and L{\'o}pez, Priscila},
	Journal = {Science},
	Number = {6025},
	Pages = {60--65},
	Title = {The worlds technological capacity to store, communicate, and compute information},
	Volume = {332},
	Year = {2011}}

@article{hindley:tams1969a,
	Author = {Hindley, Roger},
	Journal = {Transactions of the american mathematical society},
	Pages = {29--60},
	Title = {The principal type-scheme of an object in combinatory logic},
	Year = {1969}}

@book{jewell:2014a,
	Author = {Jewell, Dave and Barros, Ricardo Dobelin and Diederichs, Stefan and Duijvestijn, Lydia M and Hammersley, Michael and Hazra, Arindam and Holban, Corneliu and Li, Yan and Osaigbovo, Osai and Plach, Andreas and others},
	Publisher = {IBM Redbooks},
	Title = {Performance and Capacity Implications for Big Data},
	Year = {2014}}

@inproceedings{kang:2009a,
	Author = {Kang, U and Tsourakakis, Charalampos E and Faloutsos, Christos},
	Booktitle = {Data Mining, 2009. ICDM'09. Ninth IEEE International Conference on},
	Organization = {IEEE},
	Pages = {229--238},
	Title = {Pegasus: A peta-scale graph mining system implementation and observations},
	Year = {2009}}

@article{kepner:jpdc2004a,
	Author = {Kepner, Jeremy and Ahalt, Stan},
	Journal = {Journal of Parallel and Distributed Computing},
	Number = {8},
	Pages = {997--1005},
	Title = {MatlabMPI},
	Volume = {64},
	Year = {2004}}

@inproceedings{Kunft2016,
 author = {Kunft, Andreas and Alexandrov, Alexander and Katsifodimos, Asterios and Markl, Volker},
 title = {Bridging the Gap: Towards Optimization Across Linear and Relational Algebra},
 booktitle = {Proceedings of the 3rd ACM SIGMOD Workshop on Algorithms and Systems for MapReduce and Beyond},
 series = {BeyondMR '16},
 year = {2016}
}

@inproceedings{liu:2010a,
	Author = {Liu, Chao and Yang, Hung-chih and Fan, Jinliang and He, Li-Wei and Wang, Yi-Min},
	Booktitle = {Proceedings of the 19th international conference on World wide web},
	Organization = {ACM},
	Pages = {681--690},
	Title = {Distributed nonnegative matrix factorization for web-scale dyadic data analysis on mapreduce},
	Year = {2010}}

@article{lohr:yt2012a,
	Author = {Lohr, Steve},
	Journal = {New York Times},
	Title = {The age of big data},
	Volume = {11},
	Year = {2012}}

@misc{lusk:2009a,
	Author = {Lusk, Ewing and Huss, S and Saphir, B and Snir, M},
	Title = {MPI: A message-passing interface standard},
	Year = {2009}}

@book{Lyubimov2016,
  author    = {Lyubimov, Dmitriy and Palumbo, Andrew}, 
  title     = {Apache Mahout: Beyond MapReduce},
  year      = {2016}
}


@inproceedings{macqueen:1967a,
	Author = {MacQueen, James and others},
	Booktitle = {Proceedings of the fifth Berkeley symposium on mathematical statistics and probability},
	Number = {281-297},
	Organization = {California, USA},
	Pages = {14},
	Title = {Some methods for classification and analysis of multivariate observations},
	Volume = {1},
	Year = {1967}}



@inproceedings{malewicz:2010a,
	Author = {Malewicz, Grzegorz and Austern, Matthew H. and Bik, Aart JC and Dehnert, James C. and Horn, Ilan and Leiser, Naty and Czajkowski, Grzegorz},
	Booktitle = {Proceedings of the 2010 ACM SIGMOD International Conference on Management of data},
	Organization = {ACM},
	Pages = {135--146},
	Title = {Pregel: a system for large-scale graph processing},
	Year = {2010}}

@inproceedings{meijer:2004a,
	Author = {Meijer, Erik and Drayton, Peter},
	Booktitle = {OOPSLA'04 Workshop on Revival of Dynamic Languages},
	Title = {Static typing where possible, dynamic typing when needed: The end of the cold war between programming languages},
	Year = {2004}}

@article{milner:jcss1978a,
	Author = {Milner, Robin},
	Journal = {Journal of computer and system sciences},
	Number = {3},
	Pages = {348--375},
	Title = {A theory of type polymorphism in programming},
	Volume = {17},
	Year = {1978}}


@article{moore:1965a,
	Author = {Moore, G. E.},
	Journal = {Electronics},
	Month = {April},
	Number = {8},
	Pages = {114--117},
	Title = {Cramming more components onto integrated circuits},
	Volume = {38},
	Year = {1965}}

@book{odersky:2010a,
	Author = {Martin Odersky},
	Publisher = {Artima Press},
	Title = {Programming in Scala, 2nd edition},
	Year = {2010}}

@article{ousterhout:c1998a,
	Author = {Ousterhout, John K},
	Journal = {Computer},
	Number = {3},
	Pages = {23--30},
	Title = {Scripting: Higher level programming for the 21st century},
	Volume = {31},
	Year = {1998}}



@techreport{page:1999a,
	Author = {Page, Lawrence and Brin, Sergey and Motwani, Rajeev and Winograd, Terry},
	Institution = {Stanford InfoLab},
	Number = {1999-66},
	Title = {The PageRank citation ranking: bringing order to the web.},
	Type = {Technical Report},
	Year = {1999}}

@mastersthesis{Rohrmann2014,
  author       = {Till Rohrmann}, 
  title        = {Gilbert: A distributed sparse linear algebra environment executed in massively parallel dataflow systems},
  school       = {Technische Universität Berlin},
  year         = 2014
}

@inproceedings{samatova:2009a,
	Author = {Samatova, Nagiza F.},
	Booktitle = {CScADS Scientific Data and Analytics for Petascale Computing Workshop},
	Pages = {505--509},
	Title = {pR: Introduction to Parallel R for Statistical Computing},
	Year = {2009}}

@unpublished{Schelter2016,
	author={Schelter, Sebastian and Palumbo, Andrew and Quinn, Shannon and Musselman, Andrew and Marthi, Suneel},
	title={Samsara: Declarative Machine Learning on Distributed Dataflow Systems},
	year={2016}
}

@inproceedings{Schelter2015,
  title={Efficient sample generation for scalable meta learning},
  author={Schelter, Sebastian and Soto, Juan and Markl, Volker and Burdick, Douglas and Reinwald, Berthold and Evfimievski, Alexandre},
  booktitle={2015 IEEE 31st International Conference on Data Engineering},
  pages={1191--1202},
  year={2015},
  organization={IEEE}
}



@article{seung:anips2001a,
	Author = {Seung, D. and Lee, L.},
	Journal = {Advances in neural information processing systems},
	Pages = {556--562},
	Title = {Algorithms for non-negative matrix factorization},
	Volume = {13},
	Year = {2001}}

@article{sharma:ijpp2009a,
	Author = {Sharma, Gaurav and Martin, Jos},
	Journal = {International Journal of Parallel Programming},
	Number = {1},
	Pages = {3--36},
	Title = {MATLAB{\textregistered}: a language for parallel computing},
	Volume = {37},
	Year = {2009}}

@inproceedings{stonebraker:2007a,
	Author = {Stonebraker, Michael and Bear, Chuck and {\c{C}}etintemel, U{\u{g}}ur and Cherniack, Mitch and Ge, Tingjian and Hachem, Nabil and Harizopoulos, Stavros and Lifter, John and Rogers, Jennie and Zdonik, Stan},
	Booktitle = {Proceedings of the Third International Conference on Innovative Data Systems Research (CIDR)},
	Month = {January},
	Title = {One size fits all? Part 2: Benchmarking results},
	Year = {2007}}

@inproceedings{stonebraker:2009a,
	Author = {Stonebraker, Michael and Becla, Jacek and DeWitt, David J. and Lim, Kian-Tat and Maier, David and Ratzesberger, Oliver and Zdonik, Stanley B.},
	Booktitle = {CIDR},
	Pages = {173--184},
	Title = {Requirements for Science Data Bases and SciDB.},
	Volume = {7},
	Year = {2009}}

@article{strassen:nm1969a,
	Author = {Strassen, Volker},
	Journal = {Numerische Mathematik},
	Number = {4},
	Pages = {354--356},
	Title = {Gaussian elimination is not optimal},
	Volume = {13},
	Year = {1969}}

@inproceedings{sur:2006a,
	Author = {Sur, Sayantan and Koop, Matthew J. and Panda, Dhabaleswar K.},
	Booktitle = {Proceedings of the 2006 ACM/IEEE conference on Supercomputing},
	Organization = {ACM},
	Pages = {105},
	Title = {High-performance and scalable MPI over InfiniBand with reduced memory usage: an in-depth performance analysis},
	Year = {2006}}


@unpublished{tierney:pv0hros2008a,
	Author = {Tierney, Luke and Rossini, AJ and Li, Na and Sevcikova, H},
	Title = {Snow: simple network of workstations},
	Year = {2008}}

@inproceedings{Venkataraman2016,
  title={{SparkR: Scaling R Programs with Spark}},
  author={Venkataraman,Shivaram and Yang,Zongheng and Liu,Davies and Liang,Eric and Falaki,Hossein and Meng,Xiangrui and Xin,Reynold and Ghodsi,Ali and Franklin,Michael and Stoica,Ion and Zaharia,Matei},
  booktitle={Proceedings of the 2016 ACM SIGMOD International Conference on Management of Data},
  year={2016}
}

@inproceedings{warneke:2009a,
	Author = {Warneke, Daniel and Kao, Odej},
	Booktitle = {Proceedings of the 2nd workshop on many-task computing on grids and supercomputers},
	Organization = {ACM},
	Pages = {8},
	Title = {Nephele: efficient parallel data processing in the cloud},
	Year = {2009}}

@article{westland:jss2002a,
	Author = {Westland, J Christopher},
	Journal = {Journal of Systems and Software},
	Number = {1},
	Pages = {1--9},
	Title = {The cost of errors in software development: evidence from industry},
	Volume = {62},
	Year = {2002}}

@inproceedings{xin:2013a,
	Author = {Xin, Reynold S and Rosen, Josh and Zaharia, Matei and Franklin, Michael J and Shenker, Scott and Stoica, Ion},
	Booktitle = {Proceedings of the 2013 international conference on Management of data},
	Organization = {ACM},
	Pages = {13--24},
	Title = {Shark: SQL and rich analytics at scale},
	Year = {2013}}

@inproceedings{zaharia:2012a,
	Author = {Zaharia, Matei and Chowdhury, Mosharaf and Das, Tathagata and Dave, Ankur and Ma, Justin and McCauley, Murphy and Franklin, Michael J and Shenker, Scott and Stoica, Ion},
	Booktitle = {Proceedings of the 9th USENIX conference on Networked Systems Design and Implementation},
	Organization = {USENIX Association},
	Pages = {2--2},
	Title = {Resilient distributed datasets: A fault-tolerant abstraction for in-memory cluster computing},
	Year = {2012}}

@inproceedings{zaharia:2010a,
	Author = {Zaharia, Matei and Chowdhury, Mosharaf and Franklin, Michael J and Shenker, Scott and Stoica, Ion},
	Booktitle = {Proceedings of the 2nd USENIX conference on Hot topics in cloud computing},
	Pages = {10--10},
	Title = {Spark: cluster computing with working sets},
	Year = {2010}}

@inproceedings{zhang:apa2009a,
	Author = {Zhang, Yi and Herodotou, Herodotos and Yang, Jun},
	Booktitle = {Proceedings of the Fourth Biennial Conference on Innovative Data Systems Research (CIDR)},
	Month = {January},
	Title = {RIOT: I/O-efficient numerical computing without SQL},
	Year = {2009}}

@Online{yacc,
  date =    {1970},
  title =   {Yacc: Yet Another Compiler-Compiler},
  url =     {http://dinosaur.compilertools.net/#yacc},
  urldate = {2014-06-17}
}

@Online{matlab,
  date =    {1984},
  title =   {Matlab - The Language for Technical Computing},
  url =     {http://www.mathworks.com/products/matlab/},
  urldate = {2014-06-26}
}

@Online{bison,
  date =    {1988},
  title =   {Bison - GNU parser generator},
  url =     {http://www.gnu.org/software/bison/},
  urldate = {2014-06-17}
}

@Online{haskell,
  date =    {1990},
  title =   {The Haskell Programming Language},
  url =     {http://www.haskell.org/haskellwiki/Haskell},
  urldate = {2014-07-16}
}

@Online{antlr,
  date =    {1992},
  title =   {ANother Tool for Language Recognition},
  url =     {http://www.antlr.org/},
  urldate = {2014-06-17}
}

@Online{r:1993a,
  date =    {1993},
  title =   {The R Project for Statistical Computing},
  url =     {http://www.r-project.org/},
  urldate = {2014-05-05}
}

@Online{rpvm,
  date =    {2001},
  title =   {Rpvm - PVM for R},
  url =     {http://cran.r-project.org/src/contrib/Archive/rpvm/},
  urldate = {2014-05-12}
}

@Online{rmpi,
  date =    {2002},
  title =   {Rmpi - MPI for R},
  url =     {http://cran.r-project.org/web/packages/Rmpi/index.html},
  urldate = {2014-05-12}
}

@Online{scala,
  date =    {2003},
  title =   {The Scala programming language},
  url =     {http://www.scala-lang.org/},
  urldate = {2014-06-17}
}

@Online{hadoop:2008a,
  date =    {2008},
  title =   {Apache Hadoop},
  url =     {http://hadoop.apache.org/},
  urldate = {2014-01-08}
}

@Online{breeze,
  date =    {2009},
  title =   {Scala Breeze},
  url =     {https://github.com/scalanlp/breeze},
  urldate = {2014-06-17}
}

@Online{economist,
  date =    {2010},
  title =   {Data, data everywhere},
  url =     {http://www.economist.com/node/15557443},
  urldate = {2014-06-25}
}

@Online{mahout:2011a,
  date =    {2011},
  title =   {Apache Mahout},
  url =     {http://mahout.apache.org/},
  urldate = {2014-01-09}
}

@Online{gartner,
  date =    {2011},
  title =   {Gartner Says Solving 'Big Data' Challenge Involves More Than Just Managing Volumes of Data},
  url =     {http://www.gartner.com/newsroom/id/1731916},
  urldate = {2014-06-25}
}

@Online{hive,
  date =    {2013},
  title =   {Apache Hive},
  url =     {http://hive.apache.org/},
  urldate = {2014-05-11}
}

@Online{watson:2013a,
  date =    {2013},
  title =   {IBM Watson Hard At Work: New Breakthroughs Transform Quality Care for Patients},
  url =     {http://www.mskcc.org/pressroom/press/ibm-watson-hard-work-new-breakthroughs-transform-quality-care-patients},
  urldate = {2014-01-08}
}

@Online{spark,
  date =    {2014},
  title =   {Apache Spark},
  url =     {http://spark.apache.org/},
  urldate = {2014-07-09}
}

@Online{ibmBigData:2014a,
  date =    {2014},
  title =   {Big data within IBM},
  url =     {http://www.ibm.com/big-data/},
  urldate = {2014-01-08}
}

@Online{stratosphere,
  date =    {2014},
  title =   {Stratosphere - Big Data looks tiny from here},
  url =     {http://stratosphere.eu/},
  urldate = {2014-07-09}
}

@Online{h2o,
  date =    {2014},
  title =   {The Open Source In-Memory Prediction Engine for Big Data Science},
  url =     {http://0xdata.com/h2o-2/},
  urldate = {2014-07-16}
}

@Online{flink,
  date =    {2016},
  title =   {Apache Flink},
  url =     {http://flink.apache.org/},
  urldate = {2016-09-16}
}

@Online{distributedComputingServer,
  title =   {Matlab Distributed Computing Server},
  url =     {http://www.mathworks.com/products/distriben/},
  urldate = {2014-05-12}
}

@Online{parallelComputingToolbox,
  title =   {Matlab Parallel Computing Toolbox},
  url =     {http://www.mathworks.de/products/parallel-computing/},
  urldate = {2014-05-12}
}

@comment{jabref-meta: databaseType:bibtex;}

@comment{jabref-meta: saveOrderConfig:specified;author;false;year;false;title;false;}
